<?xml version="1.0" encoding="UTF-8"?><collection xmlns="http://www.loc.gov/MARC21/slim"><record><leader>00406nam--2200145-i-4500</leader><controlfield tag="001">000011219</controlfield><controlfield tag="002">20161230</controlfield><controlfield tag="005">20161230201029</controlfield><controlfield tag="008">060222s1000------------r-----000-0-eng-d</controlfield><datafield ind1=" " ind2=" " tag="020"><subfield code="a">ASTERA-A CODE FOR COUPLED REACTOR PARAMETER ANALYSIS</subfield></datafield><datafield ind1=" " ind2=" " tag="100"><subfield code="a">E. Druta</subfield></datafield><datafield ind1=" " ind2=" " tag="245"><subfield code="a">V. cuculeanu</subfield></datafield><datafield ind1=" " ind2=" " tag="260"><subfield code="a">D. Moicioiu</subfield></datafield><datafield ind1=" " ind2=" " tag="490"><subfield code="a">D. Constantinascu</subfield></datafield><datafield ind1=" " ind2=" " tag="653"><subfield code="a">Bucharest, Institute For Nuclear Technologies, 1975 5 P</subfield></datafield></record></collection>